@misc{Datacamp,
    author = {Dr ana Rojo-Echebur√∫a},
    title = {Was ist Vibe coding?},
    url = {https://www.datacamp.com/de/blog/vibe-coding}
}

@book{VibeCodingTheFutureOfProgramming,
    author = {Addy Osmani},
    title = {Vibe Coding The Future of Programming},
    year = {2023},
    publisher = {O'Reilly Media, Inc.}
}

@misc{Unknown,
    author = {Unknown},
    title = {A Meister in Software development was a student, but a Vibe Coder was never a student, will never be student or Meister, but will remain forever a Vibe Coder, who will never know what an Abstract method is, what a polymorphism is.},
    note = {Unbekanntes Zitat},
    year = {o.J.}
}

@misc{TweetAndrejKarpathy,
    author = {Andrej Karpathy},
    title = {Tweet Andrej Karpathy},
    url = {https://x.com/karpathy/status/1886192184808149383},
    year = {2025}
}

@book{Vibe_Coding_The_Future_Of_Programming2,
    author = {Addy Osmani},
    title = {Vibe Coding The Future of Programming},
    year = {2023},
    publisher = {O'Reilly Media, Inc.}
}
